<?xml version="1.0" encoding="UTF-8"?><collection xmlns="http://www.loc.gov/MARC21/slim"><record><leader>00487nam--2200169-i-4500</leader><controlfield tag="001">000001658</controlfield><controlfield tag="002">20161230</controlfield><controlfield tag="005">20170123172324</controlfield><controlfield tag="008">060222s1000------------r-----000-0-eng-d</controlfield><datafield ind1=" " ind2=" " tag="080"><subfield code="a">517.53(047.1):530.1(047.1)</subfield></datafield><datafield ind1=" " ind2=" " tag="100"><subfield code="a">Frederiksen, J. S</subfield></datafield><datafield ind1=" " ind2=" " tag="245"><subfield code="a">The singularities of the triangle diagram vertex function</subfield></datafield><datafield ind1=" " ind2=" " tag="260"><subfield code="a">Groningen</subfield><subfield code="b">Institute For Theoretical Physics</subfield><subfield code="c">1973</subfield></datafield><datafield ind1=" " ind2=" " tag="300"><subfield code="a">16 p</subfield></datafield><datafield ind1=" " ind2=" " tag="700"><subfield code="a">Woolcock, W. S</subfield></datafield><datafield ind1=" " ind2=" " tag="852"><subfield code="a">39471</subfield><subfield code="c">517.53</subfield></datafield><datafield ind1=" " ind2=" " tag="CAT"><subfield code="a">SYS</subfield><subfield code="c">20170123</subfield><subfield code="h">172324</subfield></datafield></record></collection>